@thesis{Arabic-Festival,
	author =	{Maria Moutran Assaf},
	title =		{A Prototype of an Arabic Diphone Speech Synthesizer in Festival},
	school =	{Uppsala Universtet},
	address =	{Sweden},
	year =		{2005},
	}

@book{ess-bristow,
	title = {Electronic Speech Synthesis: Techniques, Technology and Applications},
	author = {Geoff Bristow},
	isbn = {0-07-007912-9},
	year = {1984},
	publisher = {McGraw-Hill Book Company},
	}

@book{west_dict,
	title = {Dictionary of the West Greenland Eskimo Language},
	author = {Christian Wilhelm Schultz-Lorentzen and Fru Aslaug Mikkelsen M{\o}ller},
	year = {1927},
	publisher = {C. A. Reitzels},
	}

@book{eskimo_language,
	author = {William Thalbitzer},
	title = {The Eskimo Language},
	year = {1971},
	publisher = {The Shorey Book Store},
	}

@book{grammar,
	author = {Michael Fortescue},
	title = {West Greenlandic},
	series = {Croom Helm Descriptive Grammars},
	year = {1984},
	place = {London},
	publisher = {Croom Helm},}

@book{intro_tts,
	title = {An Introduction to Text-to-Speech Synthesis},
	author = {Thierry Dutoit},
	year = {1997},
	series = {Text, Speech, and Language Technology},
	volume = {3},
	publisher = {Kluwer Academic Publishers},
	place = {Dordrecht},
	}

@book{slp,
	title = {Speech and Language Processing: An Introduction to Natural Language Processing, Computational Linguistics, and Speech Recognition},
	author = {Daniel Jurafsky and James H. Martin},
	edition = {2},
	publisher = {Pearson Prentice Hall},
	year = {2009},
	isbn = {978-0-13-187321-6},
	place = {Upper Saddle River},
	}

@book{kleinschmidt,
	title = {Grammatik der Gr{\o}nl{\"a}ndischen Sprache},
	author = {S. Kleinschmidt},
	year = {1851},
	publisher = {G. Reimer},
	place = {Berlin},
	}

@online{ethnologue,
	urldate = {2016-09-29},
	url = {https://www.ethnologue.com/language/kal},
	year = {2016},
	editor = {M. Paul Lewis and Gary F Simons and Charles D. Fennig},
	title = {Ethnologue: Languages of the World},
	place = {Dallas},
	publisher = {SIL International},
	edition = {19},
	}

@inbook{ox-handbook,
	booktitle = {The Oxford Handbook of Computational Linguistics},
	title = {Text-to-Speech Synthesis},
	author = {Thierry Dutoit and Yannis Stylianou},
	publisher = {Oxford University Press},
	year = {2004},
	chapter = {17},
	editor = {Ruslan Mitkov},
	}

@book{old_flanagan,
	title = {Speech Analysis Synthesis and Perception},
	author = {J. L. Flanagan},
	edition = {2},
	series = {Kommunikation und Kybernetik in Einzeldarstellung},
	isbn = {3-540-05561-4},
	year = {1964},
	publisher = {Springer-Verlag},
	}

@inproceedings{mongolian,
	author = {Munkhtuya Davaatsagaan and Kuldip K. Paliwal},
	title = {Diphone-Based Concatenative Speech Synthesis System for Mongolian},
	booktitle = {IMECS 2008},
	year = {2007},
	pages = {276--279},
	location = {Hong Kong},
	}

@online{de_speech,
	author = {Theiling, Henrik},
	title = {Tikilluarit},
	month = jan,
	year = {2013},
	urldate = {2016-10-15},
	url = {http://www.theiling.de/kalaallisut/},
}

@book{rischel,
	author = {Rischel, J{\o}rgen},
	title = {Topics in West Greenlandic Phonology: Regularities Underlying the Phonetic Appearance of Wordforms in a Polysynthetic Language},
	year = {1974},
	publisher = {Akademisk Forlag},
	place = {Copenhagen},
}

@book{endng,
	author = {Thomason, Sarah G.},
	title = {Endangered Languages: An Introduction},
	series = {Cambridge Textbooks in Linguistics},
	publisher = {Cambridge University Press},
	year = {2015},
	place = {Cambridge},
	isbn = {978-0-521-68-453-8},
}

@book{crystal,
	author = {Crystal, David},
	title = {Language Death},
	year = {2000},
	publisher = {Cambridge University Press},
	place = {Cambridge},
}

@book{kleinletter,
	author = {Holtved, Erik},
	title = {Kleinschmidts Briefe an Theodor Bourquin},
	series = {Meddelelser im Gr{\o}nland},
	year = {1964},
}

@inproceedings{faking,
	title = {Developing Speech Synthesis for Under-Resourced Languages by "Faking it": An Experiment with Somali},
	author = {Harold Somers and Gareth Evans and Zeinab Mohamed},
	year = {2006},
	booktitle = {LREC 2006},
	pages = {2578--2581},
}

@online {ms_news,
	title = {Chilean Mapuches in language row with Microsoft},
	author = {Gideon Long},
	place = {Santiago},
	month = nov,
	year = {2006},
	url = {http://www.reuters.com/article/us-chile-mapuches-microsoft-idUSN2238412220061123},
	urldate = {2016-10-24},
}

@article {quan,
	title = {A Study of Consonant Quality in West Greenlandic},
	author = {Hideo Mase and J{\o}rgen Rischel},
	issue = {5},
	year = {1971},
	pages = {175--247},
	journal = {Annual Report of the Institute of Phonetics at the University of Copenhagen},
}

@report {four_cand,
	title = {A Comparison of Four Candidate Algorithms in the Context of High Quality Text-to-Speech Synthesis},
	author = {Thierry Dutoit},
	institution = {Facult{'e} Polytechnique de Mons},
	year = {1994},
}

@inproceedings {tobi,
	title = {ToBI: A Standard for Labeling English Prosody},
	author = {K. Silverman and M. Beckman and J. Pitrelli and M. Osterdorf and C. Wightman and P. Price and J. Pierrehumbert and J. Hirschberg},
	year = {1992},
	pages = {867--870},
	booktitle = {Second Internatinal Conference on Spoken Language Processing},
	volume = {2},
	month = oct,
}

@online {gov,
	title = {Oqaasileriffik--The Language Secretariat of Greenland},
	url = {https://oqaasileriffik.gl/en/},
	urldate = {2016-11-24},
}

@book {cart,
	title = {Classification and regression trees},
	author = {Leo Breiman and J.H. Friedman and R.A. Olshen and C.J. Stone},
	year = {1984},
	place = {Monterey, CA},
	publisher = {Wadsworth and Brooks/Cole Advanced Books and Software},
}

@misc {festival,
	title = {The Festival Speech Synthesis System},
	author = {Alan Black},
	year = {1994},
	institution = {The University of Edinburgh},
}

@misc {festvox,
	title = {Festvox},
	author = {Alan Black and Kevin Lenzo},
	year = {2000},
	institution = {Carnegie Mellon University},
}

@online {rosetta,
	title = {Rosetta Stone\textsuperscript{\textregistered} Navajo: Learn to Speak Navajo},
	year = {2011},
	author = {Michelle Judy Whitstone},
	organization = {Rosetta Stone},
	url = {https://youtu.be/uqN3wYR-Wrg?t=3m55s},
}

@article {hmm,
	author = {Zoubin Ghahramani},
	title = {An Introduction to Hidden Markov Models and Bayesian Networks},
	journal = {International Journal of Pattern Recognition and Artificial Intelligence},
	pages = {9--42},
	year = {2001},
	volume = {15},
	number = {1},
}

@misc{hmm_intro,
  title={An introduction to hmm-based speech synthesis},
  author={Yamagishi, Junichi},
  year={2006},
  publisher={Technical report, Tokyo Institute of Technology},
}

@misc{guide,
	author = {Mary E. Beckman and Gayle M. Ayers},
	title = {Guidelines for ToBI Labeling},
	year = {1994},
	version = {2.0},
}

@incollection{anja,
	author = {Anja Arnhold},
	title = {Prosodic structure and focus realization in West Greenlandic},
	booktitle = {Prosodic Typology II: The Phonology of Intonation and Phrasing},
	bookauthor = {Sun-Ah Jun},
	publisher = {Oxford University Press},
	year = {2014},
	place = {Oxford},
}

@article{jacobsen,
	author = {B. Jacobsen},
	title = {The Question of `Stress' in West Greenlandic: An Acoustic Investigation of Rhythmicization, Intonation, and Syllable Weight},
	journal = {Phonetica},
	volume = {57},
	pages = {40--67},
	year = {2000},
}